@ARTICLE{eracleous11,
   author = {{Eracleous}, M. and {Boroson}, T.~A. and {Halpern}, J.~P. and 
	{Liu}, J.},
    title = "{A Large Systematic Search for Recoiling and Close Supermassive Binary Black Holes}",
  journal = {ArXiv e-prints},
archivePrefix = "arXiv",
   eprint = {1106.2952},
 primaryClass = "astro-ph.CO",
 keywords = {Astrophysics - Cosmology and Extragalactic Astrophysics},
     year = 2011,
    month = jun,
   adsurl = {http://adsabs.harvard.edu/abs/2011arXiv1106.2952E},
  adsnote = {Provided by the SAO/NASA Astrophysics Data System}
}


@ARTICLE{carilli+91,
   author = {{Carilli}, C.~L. and {Perley}, R.~A. and {Dreher}, J.~W. and 
	{Leahy}, J.~P.},
    title = "{Multifrequency radio observations of Cygnus A - Spectral aging in powerful radio galaxies}",
  journal = {\apj},
 keywords = {Galactic Evolution, Radio Astronomy, Radio Galaxies, Radio Jets (Astronomy), Astronomical Models, Cygnus Constellation, Emission Spectra, Particle Acceleration, Radio Spectra, Synchrotron Radiation},
     year = 1991,
    month = dec,
   volume = 383,
    pages = {554-573},
      doi = {10.1086/170813},
   adsurl = {http://adsabs.harvard.edu/abs/1991ApJ...383..554C},
  adsnote = {Provided by the SAO/NASA Astrophysics Data System}
}

@INPROCEEDINGS{jansen,
   author = {{Jansen}, R.~A. and {Windhorst}, R. and {Kim}, H. and {Hathi}, N. and 
	{Goudfrooij}, P. and {Collins}, N.},
    title = "{Removing the Pattern Noise from all STIS Side-2 CCD data}",
booktitle = {Hubble after SM4. Preparing JWST},
     year = 2010,
    month = jul,
    pages = {50},
   adsurl = {http://adsabs.harvard.edu/abs/2010hstc.workE..50J},
  adsnote = {Provided by the SAO/NASA Astrophysics Data System}
}



@ARTICLE{clash,
   author = {{Postman et al.}, M.},
    title = "{The Cluster Lensing and Supernova Survey with Hubble: An Overview}",
  journal = {\apjs},
archivePrefix = "arXiv",
   eprint = {1106.3328},
 keywords = {dark energy, dark matter, Galaxy: evolution, Galaxy: formation, gravitational lensing: strong, gravitational lensing: weak},
     year = 2012,
    month = apr,
   volume = 199,
      eid = {25},
    pages = {25},
      doi = {10.1088/0067-0049/199/2/25},
   adsurl = {http://adsabs.harvard.edu/abs/2012ApJS..199...25P},
  adsnote = {Provided by the SAO/NASA Astrophysics Data System}
}
% and {Coe}, D. and {Ben{\'i}tez}, N. and {Bradley}, L. and {Broadhurst}, T. and {Donahue}, M. and {Ford}, H. and {Graur}, O. and {Graves}, G. and {Jouvel}, S. and {Koekemoer}, A. and {Lemze}, D. and {Medezinski}, E. and {Molino}, A. and {Moustakas}, L. and {Ogaz}, S. and {Riess}, A. and {Rodney}, S. and {Rosati}, P. and {Umetsu}, K. and {Zheng}, W. and {Zitrin}, A. and {Bartelmann}, M. and {Bouwens}, R. and {Czakon}, N. and {Golwala}, S. and {Host}, O. and {Infante}, L. and  {Jha}, S. and {Jimenez-Teja}, Y. and {Kelson}, D. and {Lahav}, O. and  {Lazkoz}, R. and {Maoz}, D. and {McCully}, C. and {Melchior}, P. and  {Meneghetti}, M. and {Merten}, J. and {Moustakas}, J. and {Nonino}, M. and {Patel}, B. and {Reg{\"o}s}, E. and {Sayers}, J. and {Seitz}, S. and  {Van der Wel}, A.},





@ARTICLE{radiocensus,
   author = {{Burke-Spolaor}, S.},
    title = "{A radio Census of binary supermassive black holes}",
  journal = {\mnras},
archivePrefix = "arXiv",
   eprint = {1008.4382},
 primaryClass = "astro-ph.CO",
 keywords = {gravitational waves, methods: analytical, galaxies: active, radio continuum: galaxies},
     year = 2011,
    month = feb,
   volume = 410,
    pages = {2113-2122},
      doi = {10.1111/j.1365-2966.2010.17586.x},
   adsurl = {http://adsabs.harvard.edu/abs/2011MNRAS.410.2113B},
  adsnote = {Provided by the SAO/NASA Astrophysics Data System}
}


@ARTICLE{hogan+15,
   author = {{Hogan}, M.~T. and {Edge}, A.~C. and {Hlavacek-Larrondo}, J. and 
	{Grainge}, K.~J.~B. and {Hamer}, S.~L. and {Mahony}, E.~K. and 
	{Russell}, H.~R. and {Fabian}, A.~C. and {McNamara}, B.~R. and 
	{Wilman}, R.~J.},
    title = "{A comprehensive study of the radio properties of brightest cluster galaxies}",
  journal = {\mnras},
archivePrefix = "arXiv",
   eprint = {1507.03019},
 keywords = {galaxies: clusters: general, galaxies: jets, radio continuum: galaxies},
     year = 2015,
    month = oct,
   volume = 453,
    pages = {1201-1222},
      doi = {10.1093/mnras/stv1517},
   adsurl = {http://adsabs.harvard.edu/abs/2015MNRAS.453.1201H},
  adsnote = {Provided by the SAO/NASA Astrophysics Data System}
}


@ARTICLE{volonteri,
   author = {{Volonteri}, M. and {Haardt}, F. and {Madau}, P.},
    title = "{The Assembly and Merging History of Supermassive Black Holes in Hierarchical Models of Galaxy Formation}",
  journal = {\apj},
   eprint = {arXiv:astro-ph/0207276},
 keywords = {Black Hole Physics, Cosmology: Theory, Galaxies: Evolution, Galaxies: Quasars: General},
     year = 2003,
    month = jan,
   volume = 582,
    pages = {559-573},
      doi = {10.1086/344675},
   adsurl = {http://adsabs.harvard.edu/abs/2003ApJ...582..559V},
  adsnote = {Provided by the SAO/NASA Astrophysics Data System}
}

@ARTICLE{ngc6240,
   author = {{Komossa}, S. and {Burwitz}, V. and {Hasinger}, G. and {Predehl}, P. and 
	{Kaastra}, J.~S. and {Ikebe}, Y.},
    title = "{Discovery of a Binary Active Galactic Nucleus in the Ultraluminous Infrared Galaxy NGC 6240 Using Chandra}",
  journal = {\apjl},
   eprint = {arXiv:astro-ph/0212099},
 keywords = {Galaxies: Quasars: Individual: Alphanumeric: NGC 6240, X-Rays: Galaxies},
     year = 2003,
    month = jan,
   volume = 582,
    pages = {L15-L19},
      doi = {10.1086/346145},
   adsurl = {http://adsabs.harvard.edu/abs/2003ApJ...582L..15K},
  adsnote = {Provided by the SAO/NASA Astrophysics Data System}
}

@ARTICLE{rodriguez,
   author = {{Rodriguez}, C. and {Taylor}, G.~B. and {Zavala}, R.~T. and 
	{Peck}, A.~B. and {Pollack}, L.~K. and {Romani}, R.~W.},
    title = "{A Compact Supermassive Binary Black Hole System}",
  journal = {\apj},
   eprint = {arXiv:astro-ph/0604042},
 keywords = {Galaxies: Active, Galaxies: Individual: Alphanumeric: 0402+379, Radio Continuum: Galaxies, Radio Lines: Galaxies},
     year = 2006,
    month = jul,
   volume = 646,
    pages = {49-60},
      doi = {10.1086/504825},
   adsurl = {http://adsabs.harvard.edu/abs/2006ApJ...646...49R},
  adsnote = {Provided by the SAO/NASA Astrophysics Data System}
}

@ARTICLE{seseccentricity,
   author = {{Sesana}, A.},
    title = "{Self Consistent Model for the Evolution of Eccentric Massive Black Hole Binaries in Stellar Environments: Implications for Gravitational Wave Observations}",
  journal = {\apj},
archivePrefix = "arXiv",
   eprint = {1006.0730},
 primaryClass = "astro-ph.CO",
 keywords = {black hole physics, galaxies: evolution, galaxies: kinematics and dynamics, gravitational waves, methods: numerical},
     year = 2010,
    month = aug,
   volume = 719,
    pages = {851-864},
      doi = {10.1088/0004-637X/719/1/851},
   adsurl = {http://adsabs.harvard.edu/abs/2010ApJ...719..851S},
  adsnote = {Provided by the SAO/NASA Astrophysics Data System}
}

@ARTICLE{begelman80,
   author = {{Begelman}, M.~C. and {Blandford}, R.~D. and {Rees}, M.~J.},
    title = "{Massive black hole binaries in active galactic nuclei}",
  journal = {\nat},
 keywords = {ACTIVE GALACTIC NUCLEI, BINARY STARS, BLACK HOLES (ASTRONOMY), STELLAR EVOLUTION, SUPERMASSIVE STARS, ASTROPHYSICS, ORBITAL ELEMENTS},
     year = 1980,
    month = sep,
   volume = 287,
    pages = {307-309},
      doi = {10.1038/287307a0},
   adsurl = {http://adsabs.harvard.edu/abs/1980Natur.287..307B},
  adsnote = {Provided by the SAO/NASA Astrophysics Data System}
}

@ARTICLE{sesanagwb,
   author = {{Sesana}, A. and {Vecchio}, A. and {Colacino}, C.~N.},
    title = "{The stochastic gravitational-wave background from massive black hole binary systems: implications for observations with Pulsar Timing Arrays}",
  journal = {\mnras},
archivePrefix = "arXiv",
   eprint = {0804.4476},
 keywords = {black hole physics , gravitational waves , pulsars: general , cosmology: theory},
     year = 2008,
    month = oct,
   volume = 390,
    pages = {192-209},
      doi = {10.1111/j.1365-2966.2008.13682.x},
   adsurl = {http://adsabs.harvard.edu/abs/2008MNRAS.390..192S},
  adsnote = {Provided by the SAO/NASA Astrophysics Data System}
}

@ARTICLE{ngc6240radio,
   author = {{Colbert}, E.~J.~M. and {Wilson}, A.~S. and {Bland-Hawthorn}, J.
	},
    title = "{The radio emission from the ultraluminous far-infrared galaxy NGC 6240}",
  journal = {\apj},
   eprint = {arXiv:astro-ph/9405046},
 keywords = {FAR INFRARED RADIATION, GALACTIC NUCLEI, GALACTIC STRUCTURE, RADIO EMISSION, RADIO GALAXIES, RADIO SPECTRA, SIGNAL TO NOISE RATIOS, LUMINOSITY, MORPHOLOGY, SUPERNOVA REMNANTS, VERY LARGE ARRAY (VLA)},
     year = 1994,
    month = nov,
   volume = 436,
    pages = {89-101},
      doi = {10.1086/174883},
   adsurl = {http://adsabs.harvard.edu/abs/1994ApJ...436...89C},
  adsnote = {Provided by the SAO/NASA Astrophysics Data System}
}

@ARTICLE{pepi,
   author = {{Fabbiano}, G. and {Junfeng}, W. and {Elvis}, M. and {Risaliti}, G.
	},
    title = "{A Close Nuclear Black Hole Pair in the Spiral Galaxy NGC 3393}",
  journal = {ArXiv e-prints},
archivePrefix = "arXiv",
   eprint = {1109.0483},
 primaryClass = "astro-ph.CO",
 keywords = {Astrophysics - Cosmology and Extragalactic Astrophysics},
     year = 2011,
    month = sep,
   adsurl = {http://adsabs.harvard.edu/abs/2011arXiv1109.0483F},
  adsnote = {Provided by the SAO/NASA Astrophysics Data System}
}

@ARTICLE{xbinary,
   author = {{Liu}, F.~K.},
    title = "{X-shaped radio galaxies as observational evidence for the interaction of supermassive binary black holes and accretion disc at parsec scale}",
  journal = {\mnras},
   eprint = {arXiv:astro-ph/0310691},
 keywords = {accretion, accretion discs, black hole physics, gravitational waves, galaxies: active, galaxies: interactions, galaxies: jets},
     year = 2004,
    month = feb,
   volume = 347,
    pages = {1357-1369},
      doi = {10.1111/j.1365-2966.2004.07325.x},
   adsurl = {http://adsabs.harvard.edu/abs/2004MNRAS.347.1357L},
  adsnote = {Provided by the SAO/NASA Astrophysics Data System}
}

@ARTICLE{xnotbinary,
   author = {{Saripalli}, L. and {Subrahmanyan}, R.},
    title = "{The Genesis of Morphologies in Extended Radio Sources: X-Shapes, Off-Axis Distortions, and Giant Radio Sources}",
  journal = {\apj},
archivePrefix = "arXiv",
   eprint = {0811.1907},
 keywords = {galaxies: active, galaxies: elliptical and lenticular, cD, galaxies: halos, galaxies: jets, galaxies: structure, radio continuum: galaxies},
     year = 2009,
    month = apr,
   volume = 695,
    pages = {156-170},
      doi = {10.1088/0004-637X/695/1/156},
   adsurl = {http://adsabs.harvard.edu/abs/2009ApJ...695..156S},
  adsnote = {Provided by the SAO/NASA Astrophysics Data System}
}

@ARTICLE{borosonlauer,
   author = {{Boroson}, T.~A. and {Lauer}, T.~R.},
    title = "{A candidate sub-parsec supermassive binary black hole system}",
  journal = {\nat},
archivePrefix = "arXiv",
   eprint = {0901.3779},
 primaryClass = "astro-ph.GA",
     year = 2009,
    month = mar,
   volume = 458,
    pages = {53-55},
      doi = {10.1038/nature07779},
   adsurl = {http://adsabs.harvard.edu/abs/2009Natur.458...53B},
  adsnote = {Provided by the SAO/NASA Astrophysics Data System}
}

@ARTICLE{blrebuttal,
   author = {{Chornock}, R. and {Bloom}, J.~S. and {Cenko}, S.~B. and {Silverman}, J.~M. and 
	{Filippenko}, A.~V. and {Hicks}, M.~D. and {Lawrence}, K.~J. and 
	{Chang}, P. and {Comerford}, J.~M. and {George}, M.~R. and {Modjaz}, M. and 
	{Oishi}, J.~S. and {Quataert}, E. and {Strubbe}, L.~E.},
    title = "{SDSS J1536+0441: An Extreme ''Double-peaked Emitter,'' Not a Binary Black Hole}",
  journal = {The Astronomer's Telegram},
 keywords = {Optical, AGN, Binaries, Black Holes, Quasars},
     year = 2009,
    month = mar,
   volume = 1955,
    pages = {1-+},
   adsurl = {http://adsabs.harvard.edu/abs/2009ATel.1955....1C},
  adsnote = {Provided by the SAO/NASA Astrophysics Data System}
}

@ARTICLE{ngc3393masers,
   author = {{Kondratko}, P.~T. and {Greenhill}, L.~J. and {Moran}, J.~M.
	},
    title = "{The Parsec-Scale Accretion Disk in NGC 3393}",
  journal = {\apj},
archivePrefix = "arXiv",
   eprint = {0801.4755},
 keywords = {Galaxies: Active, Galaxies: Individual: NGC Number: NGC 3393, Galaxies: Seyfert, ISM: Molecules, ISM: Jets and Outflows, Masers},
     year = 2008,
    month = may,
   volume = 678,
    pages = {87-95},
      doi = {10.1086/586879},
   adsurl = {http://adsabs.harvard.edu/abs/2008ApJ...678...87K},
  adsnote = {Provided by the SAO/NASA Astrophysics Data System}
}

@ARTICLE{ngc3393NLR,
   author = {{Cooke}, A.~J. and {Baldwin}, J.~A. and {Ferland}, G.~J. and 
	{Netzer}, H. and {Wilson}, A.~S.},
    title = "{The Narrow-Line Region in the Seyfert 2 Galaxy NGC 3393}",
  journal = {\apjs},
 keywords = {Galaxies: Active, Galaxies: Individual: NGC Number: NGC 3393, Galaxies: Nuclei, Galaxies: Seyfert},
     year = 2000,
    month = aug,
   volume = 129,
    pages = {517-545},
      doi = {10.1086/313422},
   adsurl = {http://adsabs.harvard.edu/abs/2000ApJS..129..517C},
  adsnote = {Provided by the SAO/NASA Astrophysics Data System}
}

@ARTICLE{bhfundamentalplane,
   author = {{G{\"u}ltekin}, K. and {Cackett}, E.~M. and {Miller}, J.~M. and 
	{Di Matteo}, T. and {Markoff}, S. and {Richstone}, D.~O.},
    title = "{The Fundamental Plane of Accretion onto Black Holes with Dynamical Masses}",
  journal = {\apj},
archivePrefix = "arXiv",
   eprint = {0906.3285},
 primaryClass = "astro-ph.HE",
 keywords = {black hole physics, galaxies: general, galaxies: nuclei, galaxies: statistics},
     year = 2009,
    month = nov,
   volume = 706,
    pages = {404-416},
      doi = {10.1088/0004-637X/706/1/404},
   adsurl = {http://adsabs.harvard.edu/abs/2009ApJ...706..404G},
  adsnote = {Provided by the SAO/NASA Astrophysics Data System}
}

@ARTICLE{alisaref,
   author = {{Flanagan}, {\'E}.~{\'E}. and {Hughes}, S.~A.},
    title = "{Measuring gravitational waves from binary black hole coalescences. I. Signal to noise for inspiral, merger, and ringdown}",
  journal = {\prd},
   eprint = {arXiv:gr-qc/9701039},
     year = 1998,
    month = apr,
   volume = 57,
    pages = {4535-4565},
      doi = {10.1103/PhysRevD.57.4535},
   adsurl = {http://adsabs.harvard.edu/abs/1998PhRvD..57.4535F},
  adsnote = {Provided by the SAO/NASA Astrophysics Data System}
}


@ARTICLE{bluntinstrument,
   author = {{Lommen}, A.~N.},
    title = "{Pulsar Timing Arrays: No longer a Blunt Instrument for Gravitational Wave Detection}",
  journal = {ArXiv e-prints},
archivePrefix = "arXiv",
   eprint = {1112.2158},
 primaryClass = "astro-ph.HE",
 keywords = {Astrophysics - High Energy Astrophysical Phenomena},
     year = 2011,
    month = dec,
   adsurl = {http://adsabs.harvard.edu/abs/2011arXiv1112.2158L},
  adsnote = {Provided by the SAO/NASA Astrophysics Data System}
}


@ARTICLE{ipta,
   author = {{Hobbs}, G. and {Archibald}, A. and {Arzoumanian}, Z. and {Backer}, D. and 
	{Bailes}, M. and {Bhat}, N.~D.~R. and {Burgay}, M. and {Burke-Spolaor}, S. and 
	{Champion}, D. and {Cognard}, I. and {Coles}, W. and {Cordes}, J. and 
	{Demorest}, P. and {Desvignes}, G. and {Ferdman}, R.~D. and 
	{Finn}, L. and {Freire}, P. and {Gonzalez}, M. and {Hessels}, J. and 
	{Hotan}, A. and {Janssen}, G. and {Jenet}, F. and {Jessner}, A. and 
	{Jordan}, C. and {Kaspi}, V. and {Kramer}, M. and {Kondratiev}, V. and 
	{Lazio}, J. and {Lazaridis}, K. and {Lee}, K.~J. and {Levin}, Y. and 
	{Lommen}, A. and {Lorimer}, D. and {Lynch}, R. and {Lyne}, A. and 
	{Manchester}, R. and {McLaughlin}, M. and {Nice}, D. and {Oslowski}, S. and 
	{Pilia}, M. and {Possenti}, A. and {Purver}, M. and {Ransom}, S. and 
	{Reynolds}, J. and {Sanidas}, S. and {Sarkissian}, J. and {Sesana}, A. and 
	{Shannon}, R. and {Siemens}, X. and {Stairs}, I. and {Stappers}, B. and 
	{Stinebring}, D. and {Theureau}, G. and {van Haasteren}, R. and 
	{van Straten}, W. and {Verbiest}, J.~P.~W. and {Yardley}, D.~R.~B. and 
	{You}, X.~P.},
    title = "{The International Pulsar Timing Array project: using pulsars as a gravitational wave detector}",
  journal = {Classical and Quantum Gravity},
archivePrefix = "arXiv",
   eprint = {0911.5206},
 primaryClass = "astro-ph.SR",
     year = 2010,
    month = apr,
   volume = 27,
   number = 8,
    pages = {084013},
      doi = {10.1088/0264-9381/27/8/084013},
   adsurl = {http://adsabs.harvard.edu/abs/2010CQGra..27h4013H},
  adsnote = {Provided by the SAO/NASA Astrophysics Data System}
}


%    title = "{Supermassive Black Hole Binaries and Transient Radio Events: Studies in Pulsar Astronomy}",
@PHDTHESIS{mythesis,
   author = {{Burke-Spolaor}, S.},
 keywords = {pulsars, black holes, supermassive black hole binary, transient},
   school = {Swinburne University of Technology (Australia)},
     year = 2011
}


@ARTICLE{wrobelBL,
   author = {{Wrobel}, J.~M. and {Laor}, A.},
    title = "{Discovery of Radio Emission from the Quasar SDSS J1536+0441, a Candidate Binary Black Hole System}",
  journal = {\apjl},
archivePrefix = "arXiv",
   eprint = {0905.3566},
 primaryClass = "astro-ph.GA",
 keywords = {quasars: individual: SDSS J153636.22+044127.0, radio continuum: general, X-rays: general},
     year = 2009,
    month = jul,
   volume = 699,
    pages = {L22-L25},
      doi = {10.1088/0004-637X/699/1/L22},
   adsurl = {http://adsabs.harvard.edu/abs/2009ApJ...699L..22W},
  adsnote = {Provided by the SAO/NASA Astrophysics Data System}
}

@ARTICLE{kzl08,
   author = {{Komossa}, S. and {Zhou}, H. and {Lu}, H.},
    title = "{A Recoiling Supermassive Black Hole in the Quasar SDSS J092712.65+294344.0?}",
  journal = {\apjl},
archivePrefix = "arXiv",
   eprint = {0804.4585},
 keywords = {Galaxies: Active, Galaxies: Evolution, galaxies: individual (SDSS J092712.65+294344.0), Galaxies: Quasars: Emission Lines},
     year = 2008,
    month = may,
   volume = 678,
    pages = {L81-L84},
      doi = {10.1086/588656},
   adsurl = {http://adsabs.harvard.edu/abs/2008ApJ...678L..81K},
  adsnote = {Provided by the SAO/NASA Astrophysics Data System}
}


@ARTICLE{barrows11,
   author = {{Barrows}, R.~S. and {Lacy}, C.~H.~S. and {Kennefick}, D. and 
	{Kennefick}, J. and {Seigar}, M.~S.},
    title = "{Unusual double-peaked emission in the SDSS quasar J093201.60 + 031858.7}",
  journal = {New Astronomy},
archivePrefix = "arXiv",
   eprint = {1008.2221},
 primaryClass = "astro-ph.CO",
     year = 2011,
    month = feb,
   volume = 16,
    pages = {122-127},
      doi = {10.1016/j.newast.2010.08.004},
   adsurl = {http://adsabs.harvard.edu/abs/2011NewA...16..122B},
  adsnote = {Provided by the SAO/NASA Astrophysics Data System}
}

@ARTICLE{decarli10,
   author = {{Decarli}, R. and {Dotti}, M. and {Montuori}, C. and {Liimets}, T. and 
	{Ederoclite}, A.},
    title = "{The Peculiar Optical Spectrum of 4C+22.25: Imprint of a Massive Black Hole Binary?}",
  journal = {\apjl},
archivePrefix = "arXiv",
   eprint = {1007.3738},
 primaryClass = "astro-ph.CO",
 keywords = {quasars: individual: 4C+22.25},
     year = 2010,
    month = sep,
   volume = 720,
    pages = {L93-L96},
      doi = {10.1088/2041-8205/720/1/L93},
   adsurl = {http://adsabs.harvard.edu/abs/2010ApJ...720L..93D},
  adsnote = {Provided by the SAO/NASA Astrophysics Data System}
}


@ARTICLE{FIRST,
   author = {{Becker}, R.~H. and {White}, R.~L. and {Helfand}, D.~J.},
    title = "{The FIRST Survey: Faint Images of the Radio Sky at Twenty Centimeters}",
  journal = {\apj},
 keywords = {RADIO CONTINUUM: GENERAL, SURVEYS},
     year = 1995,
    month = sep,
   volume = 450,
    pages = {559},
      doi = {10.1086/176166},
   adsurl = {http://adsabs.harvard.edu/abs/1995ApJ...450..559B},
  adsnote = {Provided by the SAO/NASA Astrophysics Data System}
}

@ARTICLE{dimatteo05,
   author = {{Di Matteo}, T. and {Springel}, V. and {Hernquist}, L.},
    title = "{Energy input from quasars regulates the growth and activity of black holes and their host galaxies}",
  journal = {\nat},
   eprint = {arXiv:astro-ph/0502199},
     year = 2005,
    month = feb,
   volume = 433,
    pages = {604-607},
      doi = {10.1038/nature03335},
   adsurl = {http://adsabs.harvard.edu/abs/2005Natur.433..604D},
  adsnote = {Provided by the SAO/NASA Astrophysics Data System}
}


@ARTICLE{k85,
   author = {{Kormendy}, J.},
    title = "{Brightness profiles of the cores of bulges and elliptical galaxies}",
  journal = {\apjl},
 keywords = {Astronomical Photometry, Brightness Distribution, Elliptical Galaxies, Galactic Evolution, Galactic Nuclei, Galactic Structure, Cassegrain Optics, Disk Galaxies, High Resolution, Luminosity},
     year = 1985,
    month = may,
   volume = 292,
    pages = {L9-L13},
      doi = {10.1086/184463},
   adsurl = {http://adsabs.harvard.edu/abs/1985ApJ...292L...9K},
  adsnote = {Provided by the SAO/NASA Astrophysics Data System}
}




@ARTICLE{gm,
   author = {{Gualandris}, A. and {Merritt}, D.},
    title = "{Ejection of Supermassive Black Holes from Galaxy Cores}",
  journal = {\apj},
archivePrefix = "arXiv",
   eprint = {0708.0771},
 keywords = {galaxies: nuclei, stellar dynamics},
     year = 2008,
    month = may,
   volume = 678,
      eid = {780-797},
    pages = {780-797},
      doi = {10.1086/586877},
   adsurl = {http://adsabs.harvard.edu/abs/2008ApJ...678..780G},
  adsnote = {Provided by the SAO/NASA Astrophysics Data System}
}



@ARTICLE{msig,
   author = {{Gebhardt}, K. and {Bender}, R. and {Bower}, G. and {Dressler}, A. and 
	{Faber}, S.~M. and {Filippenko}, A.~V. and {Green}, R. and {Grillmair}, C. and 
	{Ho}, L.~C. and {Kormendy}, J. and {Lauer}, T.~R. and {Magorrian}, J. and 
	{Pinkney}, J. and {Richstone}, D. and {Tremaine}, S.},
    title = "{A Relationship between Nuclear Black Hole Mass and Galaxy Velocity Dispersion}",
  journal = {\apjl},
   eprint = {arXiv:astro-ph/0006289},
 keywords = {Galaxies: General, Galaxies: Nuclei, Galaxies: Statistics},
     year = 2000,
    month = aug,
   volume = 539,
    pages = {L13-L16},
      doi = {10.1086/312840},
   adsurl = {http://adsabs.harvard.edu/abs/2000ApJ...539L..13G},
  adsnote = {Provided by the SAO/NASA Astrophysics Data System}
}


@ARTICLE{bk04,
   author = {{Boylan-Kolchin}, M. and {Ma}, C.-P. and {Quataert}, E.},
    title = "{Core Formation in Galactic Nuclei due to Recoiling Black Holes}",
  journal = {\apjl},
   eprint = {astro-ph/0407488},
 keywords = {Galaxies: Bulges, Galaxies: Structure, methods: N-body simulations},
     year = 2004,
    month = sep,
   volume = 613,
    pages = {L37-L40},
      doi = {10.1086/425073},
   adsurl = {http://adsabs.harvard.edu/abs/2004ApJ...613L..37B},
  adsnote = {Provided by the SAO/NASA Astrophysics Data System}
}

@ARTICLE{f94,
   author = {{Ferrarese}, L. and {van den Bosch}, F.~C. and {Ford}, H.~C. and 
	{Jaffe}, W. and {O'Connell}, R.~W.},
    title = "{Hubble Space Telescope photometry of the central regions of Virgo cluster elliptical galaxies. 3: Brightness profiles}",
  journal = {\aj},
 keywords = {Aberration, Astronomical Models, Astronomical Photography, Astronomical Photometry, Elliptical Galaxies, Image Enhancement, Stellar Luminosity, Virgo Galactic Cluster, Cameras, Data Reduction, Hubble Space Telescope, Image Processing, Isophotes},
     year = 1994,
    month = nov,
   volume = 108,
    pages = {1598-1609},
      doi = {10.1086/117180},
   adsurl = {http://adsabs.harvard.edu/abs/1994AJ....108.1598F},
  adsnote = {Provided by the SAO/NASA Astrophysics Data System}
}





@ARTICLE{ferraresemerrittmsig,
   author = {{Ferrarese}, L. and {Merritt}, D.},
    title = "{A Fundamental Relation between Supermassive Black Holes and Their Host Galaxies}",
  journal = {\apjl},
   eprint = {arXiv:astro-ph/0006053},
 keywords = {Black Hole Physics, Galaxies: Evolution, Galaxies: Kinematics and Dynamics},
     year = 2000,
    month = aug,
   volume = 539,
    pages = {L9-L12},
      doi = {10.1086/312838},
   adsurl = {http://adsabs.harvard.edu/abs/2000ApJ...539L...9F},
  adsnote = {Provided by the SAO/NASA Astrophysics Data System}
}


@ARTICLE{campkicks1,
   author = {{Campanelli}, M. and {Lousto}, C. and {Zlochower}, Y. and {Merritt}, D.
	},
    title = "{Large Merger Recoils and Spin Flips from Generic Black Hole Binaries}",
  journal = {\apjl},
   eprint = {arXiv:gr-qc/0701164},
 keywords = {Black Hole Physics, Galaxies: Nuclei, Gravitation, Gravitational Waves, Relativity},
     year = 2007,
    month = apr,
   volume = 659,
    pages = {L5-L8},
      doi = {10.1086/516712},
   adsurl = {http://adsabs.harvard.edu/abs/2007ApJ...659L...5C},
  adsnote = {Provided by the SAO/NASA Astrophysics Data System}
}

@ARTICLE{campkicks2,
   author = {{Campanelli}, M. and {Lousto}, C.~O. and {Zlochower}, Y. and 
	{Merritt}, D.},
    title = "{Maximum Gravitational Recoil}",
  journal = {Physical Review Letters},
   eprint = {arXiv:gr-qc/0702133},
 keywords = {Numerical relativity, Post-Newtonian approximation; perturbation theory; related approximations, Wave generation and sources, Classical black holes},
     year = 2007,
    month = jun,
   volume = 98,
   number = 23,
      eid = {231102},
    pages = {231102},
      doi = {10.1103/PhysRevLett.98.231102},
   adsurl = {http://adsabs.harvard.edu/abs/2007PhRvL..98w1102C},
  adsnote = {Provided by the SAO/NASA Astrophysics Data System}
}

@ARTICLE{bakeretal08,
   author = {{Baker}, J.~G. and {Boggs}, W.~D. and {Centrella}, J. and {Kelly}, B.~J. and 
	{McWilliams}, S.~T. and {Miller}, M.~C. and {van Meter}, J.~R.},
    title = "{Modeling Kicks from the Merger of Generic Black Hole Binaries}",
  journal = {\apjl},
archivePrefix = "arXiv",
   eprint = {0802.0416},
 keywords = {Black Hole Physics, Galaxies: Nuclei, Gravitational Waves, Relativity},
     year = 2008,
    month = jul,
   volume = 682,
    pages = {L29-L32},
      doi = {10.1086/590927},
   adsurl = {http://adsabs.harvard.edu/abs/2008ApJ...682L..29B},
  adsnote = {Provided by the SAO/NASA Astrophysics Data System}
}

@ARTICLE{loeb07,
   author = {{Loeb}, A.},
    title = "{Observable Signatures of a Black Hole Ejected by Gravitational-Radiation Recoil in a Galaxy Merger}",
  journal = {Physical Review Letters},
   eprint = {arXiv:astro-ph/0703722},
 keywords = {Black holes},
     year = 2007,
    month = jul,
   volume = 99,
   number = 4,
      eid = {041103},
    pages = {041103},
      doi = {10.1103/PhysRevLett.99.041103},
   adsurl = {http://adsabs.harvard.edu/abs/2007PhRvL..99d1103L},
  adsnote = {Provided by the SAO/NASA Astrophysics Data System}
}


@ARTICLE{blecha11,
   author = {{Blecha}, L. and {Cox}, T.~J. and {Loeb}, A. and {Hernquist}, L.
	},
    title = "{Recoiling black holes in merging galaxies: relationship to active galactic nucleus lifetimes, starbursts and the M$_{BH}$-{$\sigma$}$_{*}$ relation}",
  journal = {\mnras},
archivePrefix = "arXiv",
   eprint = {1009.4940},
 primaryClass = "astro-ph.CO",
 keywords = {accretion, accretion discs, black hole physics, gravitational waves, galaxies: active, galaxies: evolution, galaxies: kinematics and dynamics},
     year = 2011,
    month = apr,
   volume = 412,
    pages = {2154-2182},
      doi = {10.1111/j.1365-2966.2010.18042.x},
   adsurl = {http://adsabs.harvard.edu/abs/2011MNRAS.412.2154B},
  adsnote = {Provided by the SAO/NASA Astrophysics Data System}
}

@ARTICLE{guedes11,
   author = {{Guedes}, J. and {Madau}, P. and {Mayer}, L. and {Callegari}, S.
	},
    title = "{Recoiling Massive Black Holes in Gas-rich Galaxy Mergers}",
  journal = {\apj},
archivePrefix = "arXiv",
   eprint = {1008.2032},
 primaryClass = "astro-ph.GA",
 keywords = {black hole physics, galaxies: halos, galaxies: kinematics and dynamics, methods: numerical},
     year = 2011,
    month = mar,
   volume = 729,
      eid = {125},
    pages = {125},
      doi = {10.1088/0004-637X/729/2/125},
   adsurl = {http://adsabs.harvard.edu/abs/2011ApJ...729..125G},
  adsnote = {Provided by the SAO/NASA Astrophysics Data System}
}

@ARTICLE{dotti10,
   author = {{Dotti}, M. and {Volonteri}, M. and {Perego}, A. and {Colpi}, M. and 
	{Ruszkowski}, M. and {Haardt}, F.},
    title = "{Dual black holes in merger remnants - II. Spin evolution and gravitational recoil}",
  journal = {\mnras},
archivePrefix = "arXiv",
   eprint = {0910.5729},
 primaryClass = "astro-ph.HE",
 keywords = {black hole physics, hydrodynamics, galaxies: evolution, galaxies: nuclei, galaxies: starburst},
     year = 2010,
    month = feb,
   volume = 402,
    pages = {682-690},
      doi = {10.1111/j.1365-2966.2009.15922.x},
   adsurl = {http://adsabs.harvard.edu/abs/2010MNRAS.402..682D},
  adsnote = {Provided by the SAO/NASA Astrophysics Data System}
}


@INPROCEEDINGS{gaskell83,
   author = {{Gaskell}, C.~M.},
    title = "{Quasars as supermassive binaries}",
 keywords = {ASTRONOMICAL SPECTROSCOPY, BINARY STARS, GALACTIC EVOLUTION, QUASARS, SUPERMASSIVE STARS, ASTRONOMICAL MODELS, GALACTIC STRUCTURE, RED SHIFT},
booktitle = {Liege International Astrophysical Colloquia},
     year = 1983,
   series = {},
   volume = 24,
   editor = "{J.-P.~Swings}",
    month = jun,
    pages = {473-477},
   adsurl = {http://adsabs.harvard.edu/abs/1983LIACo..24..473G},
  adsnote = {Provided by the SAO/NASA Astrophysics Data System}
}

@ARTICLE{tsalmantza11,
   author = {{Tsalmantza}, P. and {Decarli}, R. and {Dotti}, M. and {Hogg}, D.~W.
	},
    title = "{A Systematic Search for Massive Black Hole Binaries in the Sloan Digital Sky Survey Spectroscopic Sample}",
  journal = {\apj},
archivePrefix = "arXiv",
   eprint = {1106.1180},
 primaryClass = "astro-ph.CO",
 keywords = {methods: data analysis, methods: statistical, quasars: emission lines, quasars: general},
     year = 2011,
    month = sep,
   volume = 738,
      eid = {20},
    pages = {20},
      doi = {10.1088/0004-637X/738/1/20},
   adsurl = {http://adsabs.harvard.edu/abs/2011ApJ...738...20T},
  adsnote = {Provided by the SAO/NASA Astrophysics Data System}
}


@ARTICLE{shankar2009,
   author = {{Shankar}, F. and {Weinberg}, D.~H. and {Miralda-Escud{\'e}}, J.
	},
    title = "{Self-Consistent Models of the AGN and Black Hole Populations: Duty Cycles, Accretion Rates, and the Mean Radiative Efficiency}",
  journal = {\apj},
archivePrefix = "arXiv",
   eprint = {0710.4488},
 keywords = {cosmology: theory, galaxies: evolution, quasars: general},
     year = 2009,
    month = jan,
   volume = 690,
    pages = {20-41},
      doi = {10.1088/0004-637X/690/1/20},
   adsurl = {http://adsabs.harvard.edu/abs/2009ApJ...690...20S},
  adsnote = {Provided by the SAO/NASA Astrophysics Data System}
}

@ARTICLE{nagar1999,
   author = {{Nagar}, N.~M. and {Wilson}, A.~S. and {Mulchaey}, J.~S. and 
	{Gallimore}, J.~F.},
    title = "{Radio Structures of Seyfert Galaxies. VIII. A Distance- and Magnitude-Limited Sample of Early-Type Galaxies}",
  journal = {\apjs},
   eprint = {arXiv:astro-ph/9901236},
 keywords = {GALAXIES: NUCLEI, GALAXIES: SEYFERT, GALAXIES: STRUCTURE, RADIO CONTINUUM: GALAXIES, SURVEYS},
     year = 1999,
    month = feb,
   volume = 120,
    pages = {209-245},
      doi = {10.1086/313183},
   adsurl = {http://adsabs.harvard.edu/abs/1999ApJS..120..209N},
  adsnote = {Provided by the SAO/NASA Astrophysics Data System}
}


@INPROCEEDINGS{gualandrismerritt07,
   author = {{Gualandris}, A. and {Merritt}, D.},
    title = "{Dynamics around supermassive black holes}",
 keywords = {Astrophysics},
booktitle = {STScI Spring Symposium: Black Holes},
     year = 2007,
   series = {},
   editor = "{M. Livio \& A.~M. Koekemoer}",
    month = aug,
    pages = {215-237},
   adsurl = {http://adsabs.harvard.edu/abs/2007arXiv0708.3083G},
  adsnote = {Provided by the SAO/NASA Astrophysics Data System, altered by S. Burke-Spolaor to be a conference proceeding instead of arXiv print}
}


@ARTICLE{postman12,
   author = {{Postman}, M. and {Lauer}, T.~R. and {Donahue}, M. and {Graves}, G. and 
	{Coe}, D. and {Moustakas}, J. and {Koekemoer}, A. and {Bradley}, L. and 
	{Ford}, H.~C. and {Grillo}, C. and {Zitrin}, A. and {Lemze}, D. and 
	{Broadhurst}, T. and {Moustakas}, L. and {Ascaso}, B. and {Medezinski}, E. and 
	{Kelson}, D.},
    title = "{A Brightest Cluster Galaxy with an Extremely Large Flat Core}",
  journal = {\apj},
archivePrefix = "arXiv",
   eprint = {1205.3839},
 primaryClass = "astro-ph.CO",
 keywords = {galaxies: nuclei, galaxies: photometry, galaxies: structure },
     year = 2012,
    month = sep,
   volume = 756,
      eid = {159},
    pages = {159},
      doi = {10.1088/0004-637X/756/2/159},
   adsurl = {http://adsabs.harvard.edu/abs/2012ApJ...756..159P},
  adsnote = {Provided by the SAO/NASA Astrophysics Data System}
}

@ARTICLE{readhead96,
   author = {{Readhead}, A.~C.~S. and {Taylor}, G.~B. and {Xu}, W. and {Pearson}, T.~J. and 
	{Wilkinson}, P.~N. and {Polatidis}, A.~G.},
    title = "{The Statistics and Ages of Compact Symmetric Objects}",
  journal = {\apj},
 keywords = {GALAXIES: ACTIVE, GALAXIES: COMPACT, GALAXIES: JETS, RADIO CONTINUUM: GALAXIES, SURVEYS},
     year = 1996,
    month = apr,
   volume = 460,
    pages = {612},
      doi = {10.1086/176996},
   adsurl = {http://adsabs.harvard.edu/abs/1996ApJ...460..612R},
  adsnote = {Provided by the SAO/NASA Astrophysics Data System}
}

@ARTICLE{odea98,
   author = {{O'Dea}, C.~P.},
    title = "{The Compact Steep-Spectrum and Gigahertz Peaked-Spectrum Radio Sources}",
  journal = {\pasp},
 keywords = {GALAXIES: ACTIVE, GALAXIES: JETS, GALAXIES: QUASARS: GENERAL},
     year = 1998,
    month = may,
   volume = 110,
    pages = {493-532},
      doi = {10.1086/316162},
   adsurl = {http://adsabs.harvard.edu/abs/1998PASP..110..493O},
  adsnote = {Provided by the SAO/NASA Astrophysics Data System}
}


@ARTICLE{ebisuzaki91,
   author = {{Ebisuzaki}, T. and {Makino}, J. and {Okumura}, S.~K.},
    title = "{Merging of two galaxies with central black holes}",
  journal = {\nat},
 keywords = {BLACK HOLES (ASTRONOMY), ELLIPTICAL GALAXIES, GALACTIC MASS, GALACTIC STRUCTURE, LUMINOUS INTENSITY, COMPUTATIONAL ASTROPHYSICS, GALACTIC EVOLUTION, MANY BODY PROBLEM},
     year = 1991,
    month = nov,
   volume = 354,
    pages = {212-214},
      doi = {10.1038/354212a0},
   adsurl = {http://adsabs.harvard.edu/abs/1991Natur.354..212E},
  adsnote = {Provided by the SAO/NASA Astrophysics Data System}
}

@ARTICLE{m09,
   author = {{Merritt}, D. and {Schnittman}, J.~D. and {Komossa}, S.},
    title = "{Hypercompact Stellar Systems Around Recoiling Supermassive Black Holes}",
  journal = {\apj},
archivePrefix = "arXiv",
   eprint = {0809.5046},
 keywords = {black hole physics, galaxies: interactions, galaxies: nuclei, galaxies: star clusters},
     year = 2009,
    month = jul,
   volume = 699,
    pages = {1690-1710},
      doi = {10.1088/0004-637X/699/2/1690},
   adsurl = {http://adsabs.harvard.edu/abs/2009ApJ...699.1690M},
  adsnote = {Provided by the SAO/NASA Astrophysics Data System}
}




@ARTICLE{milomerritt01,
   author = {{Milosavljevi{\'c}}, M. and {Merritt}, D.},
    title = "{Formation of Galactic Nuclei}",
  journal = {\apj},
   eprint = {arXiv:astro-ph/0103350},
 keywords = {Black Hole Physics, Galaxies: Nuclei, Stellar Dynamics},
     year = 2001,
    month = dec,
   volume = 563,
    pages = {34-62},
      doi = {10.1086/323830},
   adsurl = {http://adsabs.harvard.edu/abs/2001ApJ...563...34M},
  adsnote = {Provided by the SAO/NASA Astrophysics Data System}
}



@ARTICLE{faber97,
   author = {{Faber}, S.~M. and {Tremaine}, S. and {Ajhar}, E.~A. and {Byun}, Y.-I. and 
	{Dressler}, A. and {Gebhardt}, K. and {Grillmair}, C. and {Kormendy}, J. and 
	{Lauer}, T.~R. and {Richstone}, D.},
    title = "{The Centers of Early-Type Galaxies with HST. IV. Central Parameter Relations.}",
  journal = {\aj},
   eprint = {arXiv:astro-ph/9610055},
 keywords = {GALAXIES: EARLY-TYPE, GALAXIES: NUCLEI},
     year = 1997,
    month = nov,
   volume = 114,
    pages = {1771},
      doi = {10.1086/118606},
   adsurl = {http://adsabs.harvard.edu/abs/1997AJ....114.1771F},
  adsnote = {Provided by the SAO/NASA Astrophysics Data System}
}

@ARTICLE{laine03,
   author = {{Laine}, S. and {van der Marel}, R.~P. and {Lauer}, T.~R. and 
	{Postman}, M. and {O'Dea}, C.~P. and {Owen}, F.~N.},
    title = "{Hubble Space Telescope Imaging of Brightest Cluster Galaxies}",
  journal = {\aj},
   eprint = {arXiv:astro-ph/0211074},
 keywords = {Galaxies: Elliptical and Lenticular, cD, Galaxies: Evolution, Galaxies: Nuclei, Galaxies: Photometry, Galaxies: Structure},
     year = 2003,
    month = feb,
   volume = 125,
    pages = {478-505},
      doi = {10.1086/345823},
   adsurl = {http://adsabs.harvard.edu/abs/2003AJ....125..478L},
  adsnote = {Provided by the SAO/NASA Astrophysics Data System}
}


@ARTICLE{l85,
   author = {{Lauer}, T.~R.},
    title = "{The cores of elliptical galaxies}",
  journal = {\apj},
 keywords = {Astronomical Photometry, Brightness, Elliptical Galaxies, Galactic Nuclei, Galactic Structure, Radii, Charge Coupled Devices, Mass To Light Ratios, Spatial Resolution, Stellar Evolution, Stellar Systems, Velocity Distribution},
     year = 1985,
    month = may,
   volume = 292,
    pages = {104-121},
      doi = {10.1086/163136},
   adsurl = {http://adsabs.harvard.edu/abs/1985ApJ...292..104L},
  adsnote = {Provided by the SAO/NASA Astrophysics Data System}
}

@ARTICLE{l95,
   author = {{Lauer}, T.~R. and {Ajhar}, E.~A. and {Byun}, Y.-I. and {Dressler}, A. and 
	{Faber}, S.~M. and {Grillmair}, C. and {Kormendy}, J. and {Richstone}, D. and 
	{Tremaine}, S.},
    title = "{The Centers of Early-Type Galaxies with HST.I.An Observational Survey}",
  journal = {\aj},
 keywords = {GALAXIES: ELLIPTICAL AND LENTICULAR, GALAXIES: NUCLEI, SURVEYS},
     year = 1995,
    month = dec,
   volume = 110,
    pages = {2622},
      doi = {10.1086/117719},
   adsurl = {http://adsabs.harvard.edu/abs/1995AJ....110.2622L},
  adsnote = {Provided by the SAO/NASA Astrophysics Data System}
}

@ARTICLE{l02,
   author = {{Lauer}, T.~R. and {Gebhardt}, K. and {Richstone}, D. and {Tremaine}, S. and 
	{Bender}, R. and {Bower}, G. and {Dressler}, A. and {Faber}, S.~M. and 
	{Filippenko}, A.~V. and {Green}, R. and {Grillmair}, C.~J. and 
	{Ho}, L.~C. and {Kormendy}, J. and {Magorrian}, J. and {Pinkney}, J. and 
	{Laine}, S. and {Postman}, M. and {van der Marel}, R.~P.},
    title = "{Galaxies with a Central Minimum in Stellar Luminosity Density}",
  journal = {\aj},
   eprint = {astro-ph/0206122},
 keywords = {Galaxies: Nuclei, Galaxies: Photometry, Galaxies: Structure},
     year = 2002,
    month = oct,
   volume = 124,
    pages = {1975-1987},
      doi = {10.1086/342932},
   adsurl = {http://adsabs.harvard.edu/abs/2002AJ....124.1975L},
  adsnote = {Provided by the SAO/NASA Astrophysics Data System}
}

@ARTICLE{mag,
   author = {{Magorrian}, J. and {Tremaine}, S. and {Richstone}, D. and {Bender}, R. and 
	{Bower}, G. and {Dressler}, A. and {Faber}, S.~M. and {Gebhardt}, K. and 
	{Green}, R. and {Grillmair}, C. and {Kormendy}, J. and {Lauer}, T.
	},
    title = "{The Demography of Massive Dark Objects in Galaxy Centers}",
  journal = {\aj},
   eprint = {astro-ph/9708072},
 keywords = {COSMOLOGY: DARK MATTER, GALAXIES: NUCLEI},
     year = 1998,
    month = jun,
   volume = 115,
    pages = {2285-2305},
      doi = {10.1086/300353},
   adsurl = {http://adsabs.harvard.edu/abs/1998AJ....115.2285M},
  adsnote = {Provided by the SAO/NASA Astrophysics Data System}
}



@ARTICLE{l05,
   author = {{Lauer}, T.~R. and {Faber}, S.~M. and {Gebhardt}, K. and {Richstone}, D. and 
	{Tremaine}, S. and {Ajhar}, E.~A. and {Aller}, M.~C. and {Bender}, R. and 
	{Dressler}, A. and {Filippenko}, A.~V. and {Green}, R. and {Grillmair}, C.~J. and 
	{Ho}, L.~C. and {Kormendy}, J. and {Magorrian}, J. and {Pinkney}, J. and 
	{Siopis}, C.},
    title = "{The Centers of Early-Type Galaxies with Hubble Space Telescope. V. New WFPC2 Photometry}",
  journal = {\aj},
   eprint = {astro-ph/0412040},
 keywords = {Galaxies: Nuclei, Galaxies: Photometry, Galaxies: Structure},
     year = 2005,
    month = may,
   volume = 129,
    pages = {2138-2185},
      doi = {10.1086/429565},
   adsurl = {http://adsabs.harvard.edu/abs/2005AJ....129.2138L},
  adsnote = {Provided by the SAO/NASA Astrophysics Data System}
}



@ARTICLE{lauer07,
   author = {{Lauer}, T.~R. and {Faber}, S.~M. and {Richstone}, D. and {Gebhardt}, K. and 
	{Tremaine}, S. and {Postman}, M. and {Dressler}, A. and {Aller}, M.~C. and 
	{Filippenko}, A.~V. and {Green}, R. and {Ho}, L.~C. and {Kormendy}, J. and 
	{Magorrian}, J. and {Pinkney}, J.},
    title = "{The Masses of Nuclear Black Holes in Luminous Elliptical Galaxies and Implications for the Space Density of the Most Massive Black Holes}",
  journal = {\apj},
   eprint = {arXiv:astro-ph/0606739},
 keywords = {Black Hole Physics, Galaxies: Nuclei, Galaxies: Structure},
     year = 2007,
    month = jun,
   volume = 662,
    pages = {808-834},
      doi = {10.1086/518223},
   adsurl = {http://adsabs.harvard.edu/abs/2007ApJ...662..808L},
  adsnote = {Provided by the SAO/NASA Astrophysics Data System}
}

@ARTICLE{m04,
   author = {{Merritt}, D. and {Milosavljevi{\'c}}, M. and {Favata}, M. and 
	{Hughes}, S.~A. and {Holz}, D.~E.},
    title = "{Consequences of Gravitational Radiation Recoil}",
  journal = {\apjl},
   eprint = {astro-ph/0402057},
 keywords = {Black Hole Physics, Galaxies: Nuclei, Gravitation, Gravitational Waves},
     year = 2004,
    month = may,
   volume = 607,
    pages = {L9-L12},
      doi = {10.1086/421551},
   adsurl = {http://adsabs.harvard.edu/abs/2004ApJ...607L...9M},
  adsnote = {Provided by the SAO/NASA Astrophysics Data System}
}



@ARTICLE{makino97,
   author = {{Makino}, J.},
    title = "{Merging of Galaxies with Central Black Holes. II. Evolution of the Black Hole Binary and the Structure of the Core}",
  journal = {\apj},
   eprint = {arXiv:astro-ph/9608161},
 keywords = {BLACK HOLE PHYSICS, GALAXIES: ACTIVE, GALAXIES: INTERACTIONS, GALAXIES: NUCLEI, METHODS: NUMERICAL},
     year = 1997,
    month = mar,
   volume = 478,
    pages = {58},
      doi = {10.1086/303773},
   adsurl = {http://adsabs.harvard.edu/abs/1997ApJ...478...58M},
  adsnote = {Provided by the SAO/NASA Astrophysics Data System}
}

@ARTICLE{recoilfx1,
   author = {{Redmount}, I.~H. and {Rees}, M.~J.},
    title = "{Gravitational-radiation rocket effects and galactic structure.}",
  journal = {Comments on Astrophysics},
 keywords = {Gravitational Radiation: Black Holes, Gravitational Radiation: Cosmic Strings, Gravitational Radiation: Galactic Nuclei},
     year = 1989,
   volume = 14,
    pages = {165-175},
   adsurl = {http://adsabs.harvard.edu/abs/1989ComAp..14..165R},
  adsnote = {Provided by the SAO/NASA Astrophysics Data System}
}

@ARTICLE{recoilfx2,
   author = {{Komossa}, S. and {Merritt}, D.},
    title = "{Gravitational Wave Recoil Oscillations of Black Holes: Implications for Unified Models of Active Galactic Nuclei}",
  journal = {\apjl},
archivePrefix = "arXiv",
   eprint = {0811.1037},
 keywords = {Galaxies: Active, Galaxies: Evolution, Galaxies: Quasars: General},
     year = 2008,
    month = dec,
   volume = 689,
    pages = {L89-L92},
      doi = {10.1086/595883},
   adsurl = {http://adsabs.harvard.edu/abs/2008ApJ...689L..89K},
  adsnote = {Provided by the SAO/NASA Astrophysics Data System}
}

@ARTICLE{civano12,
   author = {{Civano}, F. and {Elvis}, M. and {Lanzuisi}, G. and {Aldcroft}, T. and 
	{Trichas}, M. and {Bongiorno}, A. and {Brusa}, M. and {Blecha}, L. and 
	{Comastri}, A. and {Loeb}, A. and {Salvato}, M. and {Fruscione}, A. and 
	{Koekemoer}, A. and {Komossa}, S. and {Gilli}, R. and {Mainieri}, V. and 
	{Piconcelli}, E. and {Vignali}, C.},
    title = "{Chandra High-resolution observations of CID-42, a Candidate Recoiling Supermassive Black Hole}",
  journal = {\apj},
archivePrefix = "arXiv",
   eprint = {1205.0815},
 primaryClass = "astro-ph.CO",
 keywords = {galaxies: active, galaxies: interactions, galaxies: nuclei},
     year = 2012,
    month = jun,
   volume = 752,
      eid = {49},
    pages = {49},
      doi = {10.1088/0004-637X/752/1/49},
   adsurl = {http://adsabs.harvard.edu/abs/2012ApJ...752...49C},
  adsnote = {Provided by the SAO/NASA Astrophysics Data System}
}

@ARTICLE{2010MNRAS.404.1639V,
   author = {{Vazdekis}, A. and {S{\'a}nchez-Bl{\'a}zquez}, P. and {Falc{\'o}n-Barroso}, J. and 
	{Cenarro}, A.~J. and {Beasley}, M.~A. and {Cardiel}, N. and 
	{Gorgas}, J. and {Peletier}, R.~F.},
    title = "{Evolutionary stellar population synthesis with MILES - I. The base models and a new line index system}",
  journal = {\mnras},
archivePrefix = "arXiv",
   eprint = {1004.4439},
 primaryClass = "astro-ph.CO",
 keywords = {globular clusters: general, galaxies: abundances, galaxies: elliptical and lenticular, cD, galaxies: stellar content},
     year = 2010,
    month = jun,
   volume = 404,
    pages = {1639-1671},
      doi = {10.1111/j.1365-2966.2010.16407.x},
   adsurl = {http://adsabs.harvard.edu/abs/2010MNRAS.404.1639V},
  adsnote = {Provided by the SAO/NASA Astrophysics Data System}
}


@ARTICLE{2004PASP..116..138C,
   author = {{Cappellari}, M. and {Emsellem}, E.},
    title = "{Parametric Recovery of Line-of-Sight Velocity Distributions from Absorption-Line Spectra of Galaxies via Penalized Likelihood}",
  journal = {\pasp},
   eprint = {astro-ph/0312201},
 keywords = {Galaxies: Individual: NGC Number: NGC 3384, Galaxies: Kinematics and Dynamics, line: profiles, Methods: Numerical},
     year = 2004,
    month = feb,
   volume = 116,
    pages = {138-147},
      doi = {10.1086/381875},
   adsurl = {http://adsabs.harvard.edu/abs/2004PASP..116..138C},
  adsnote = {Provided by the SAO/NASA Astrophysics Data System}
}

@ARTICLE{2005MNRAS.359.1481B,
   author = {{Bauer}, F.~E. and {Fabian}, A.~C. and {Sanders}, J.~S. and 
	{Allen}, S.~W. and {Johnstone}, R.~M.},
    title = "{The prevalence of cooling cores in clusters of galaxies at z\~{} 0.15-0.4}",
  journal = {\mnras},
   eprint = {astro-ph/0503232},
 keywords = {surveys, galaxies: clusters: general, cooling flows, X-rays: galaxies: clusters},
     year = 2005,
    month = jun,
   volume = 359,
    pages = {1481-1490},
      doi = {10.1111/j.1365-2966.2005.08999.x},
   adsurl = {http://adsabs.harvard.edu/abs/2005MNRAS.359.1481B},
  adsnote = {Provided by the SAO/NASA Astrophysics Data System}
}


